% For references to be added on next compilation
